@article{bcch,
	author = {Belloni, A. and Chen, D. and Chernozhukov, V. and Hansen, C.},
	title = {Sparse models and methods for optimal instruments with an application to eminent domain},
	journal = {Econometrica},
	year = {2012},
	volume = {80},
	number = {6},
	pages = {2369 - 2429},
}


@article{rjive,
	author = {Hansen, C. and Kozbur, D.},
	title = {Instrumental variables estimation with many instruments using regularized JIVE},
	journal = {Journal of Econometrics},
	year = {2014},
	issue = {182},
	pages = {290 - 308},
}

@article{rel,
	author = {Shi, Z.},
	title = {Econometric estimation with high-dimensional moment equalities},
	journal = {},
	year = {2015},
	issue = {},
	pages = {},
	url = {http://ssrn.com/abstract=2491102}
}
